@dataset{Steven2020,
author={Steven Ruggles; Sarah Flood; Ronald Goeken; Josiah Grover; Erin Meyer; Jose Pacas and Matthew Sobek},
title={ IPUMS USA: Version 10.0 [dataset] Minneapolis, MN: IPUMS, 2020.},
doi={https://doi.org/10.18128/D010.V10.0}
}

@article{collier2000,
  title={Ethnicity, politics and economic performance},
  author={Collier, Paul},
  journal={Economics \& Politics},
  volume={12},
  number={3},
  pages={225--245},
  year={2000},
  publisher={Wiley Online Library}
}

@article{larsen2000,
  title={Interpreting parameters in the logistic regression model with random effects},
  author={Larsen, Klaus and Petersen, J{\o}rgen Holm and Budtz-J{\o}rgensen, Esben and Endahl, Lars},
  journal={Biometrics},
  volume={56},
  number={3},
  pages={909--914},
  year={2000},
  publisher={Wiley Online Library}
}

@dataset{vsg2020,
author={Voter Study Group},
title={Nationscape Data Set},
year = {2020},
url={https://www.voterstudygroup.org/publication/nationscape-data-set}
}

@URL {hlavacmarek2018,
    author   = "Hlavac, Marek",
    year     = "2018",
    title= "Stargazer: Well-Formatted Regression and Summary Statistics Tables. R package version 5.2.2.",
    website = "https://CRAN.R-project.org/package=stargazer"
}